<?xml version="1.0" encoding="UTF-8"?><collection xmlns="http://www.loc.gov/MARC21/slim"><record><leader>00571nam--2200205-i-4500</leader><controlfield tag="001">000013702</controlfield><controlfield tag="002">20161230</controlfield><controlfield tag="005">20170221122909</controlfield><controlfield tag="008">060222s1000------------r-----000-0-eng-d</controlfield><datafield ind1=" " ind2=" " tag="040"><subfield code="a">IFIN-HH</subfield></datafield><datafield ind1=" " ind2=" " tag="080"><subfield code="a">539.1(082.1)</subfield></datafield><datafield ind1="1" ind2=" " tag="100"><subfield code="a">Baranger, Michael</subfield></datafield><datafield ind1="1" ind2="0" tag="245"><subfield code="a">Advances in Nuclear Physics</subfield><subfield code="c">Michael Baranger, Erich Vogt (eds.)</subfield></datafield><datafield ind1=" " ind2=" " tag="260"><subfield code="a">New York</subfield><subfield code="b">Plenum Press</subfield><subfield code="c">1968-1978</subfield></datafield><datafield ind1=" " ind2=" " tag="300"><subfield code="a">9 volume</subfield></datafield><datafield ind1=" " ind2=" " tag="490"><subfield code="a">Advances In Nuclear Physics</subfield></datafield><datafield ind1="1" ind2=" " tag="700"><subfield code="a">Vogt, Erich</subfield><subfield code="e">Ed</subfield></datafield><datafield ind1="1" ind2=" " tag="787"><subfield code="a">Volume 10</subfield><subfield code="d">1978</subfield><subfield code="h">336p</subfield></datafield><datafield ind1=" " ind2=" " tag="852"><subfield code="a">29640</subfield><subfield code="c">539</subfield></datafield><datafield ind1=" " ind2=" " tag="CAT"><subfield code="a">SYS</subfield><subfield code="c">20170221</subfield><subfield code="h">122909</subfield></datafield></record></collection>